<record xmlns="http://www.openarchives.org/OAI/2.0/" xmlns:xsi="http://www.w3.org/2001/XMLSchema-instance"><header><identifier>oai:alma.34CSIC_INST:990013500030204201</identifier><datestamp>2020-03-13T08:21:39Z</datestamp><setSpec>manuscripta</setSpec></header><metadata><record xmlns="http://www.loc.gov/MARC21/slim" xmlns:xsi="http://www.w3.org/2001/XMLSchema-instance" xsi:schemaLocation="http://www.loc.gov/MARC21/slim http://www.loc.gov/standards/marcxml/schema/MARC21slim.xsd"><leader>07900ntm a2200649 i 4500</leader><controlfield tag="005">20200310094630.0</controlfield><controlfield tag="008">100729suuuu                  000 0 ara d</controlfield><controlfield tag="001">990013500030204201</controlfield><datafield tag="035" ind1=" " ind2=" "><subfield code="a">CSIC001350003</subfield></datafield><datafield tag="035" ind1=" " ind2=" "><subfield code="a">(ES-MaCSI)001350003MAD01-Aleph</subfield></datafield><datafield tag="035" ind1=" " ind2=" "><subfield code="a">(OCoLC)1123775427</subfield></datafield><datafield tag="040" ind1=" " ind2=" "><subfield code="a">ES-MaCSI</subfield><subfield code="b">spa</subfield></datafield><datafield tag="100" ind1="1" ind2=" "><subfield code="a">Tirmiḏī, Muḥammad b. ´Īsà al-</subfield><subfield code="d">(m. 892).</subfield></datafield><datafield tag="245" ind1="1" ind2="0"><subfield code="a">كتاب الشمائل</subfield><subfield code="h">[Manuscrito]</subfield><subfield code="c">/ ابُو عِيسَى التِّرْمِذِي.</subfield></datafield><datafield tag="260" ind1=" " ind2=" "><subfield code="c">[s. f.].</subfield></datafield><datafield tag="300" ind1=" " ind2=" "><subfield code="a">195 f. ;</subfield><subfield code="c">20,5 x 15 (caja: 15 x 9,5).</subfield></datafield><datafield tag="490" ind1="1" ind2=" "><subfield code="a">Manuscripta</subfield></datafield><datafield tag="546" ind1=" " ind2=" "><subfield code="a">Arabe</subfield><subfield code="b">Escritura magrebí</subfield></datafield><datafield tag="500" ind1=" " ind2=" "><subfield code="a">Título transliterado: Kitāb al-Šamāʼil</subfield></datafield><datafield tag="500" ind1=" " ind2=" "><subfield code="a">Título tomado de fuente externa</subfield></datafield><datafield tag="500" ind1=" " ind2=" "><subfield code="a">Distribución: 1 col. Tiene 8 líneas por página.</subfield></datafield><datafield tag="500" ind1=" " ind2=" "><subfield code="a">Material: Papel</subfield></datafield><datafield tag="500" ind1=" " ind2=" "><subfield code="a">Tinta: Negra, azul y roja</subfield></datafield><datafield tag="500" ind1=" " ind2=" "><subfield code="a">(بعد البسملة والتصلية) قَالَ الشَّيْخُ الحَافِظُ ابُواْ عِيسَى التِّرْمِذِي رَحِمَهُ اللهُ تَعَالَى بَابُ مَا جَاءَ فِي خَلْقِ رَسُولِ الله صَلَّى الله عَلَيْهِ وَسَلَمَ حَدَّثَنَا أبُواْ رَجَاءٍ قُتَيْبَةُ ابْنُ سَعِيدٍ :‪Incipit</subfield></datafield><datafield tag="500" ind1=" " ind2=" "><subfield code="a">قَالَ هَذَا اَلْحَدِيثُ دِينٌ فَانظُرُوا عَمَّن [sic] تَاخُذُونَ دِينُكُمْ انتهى بحمد الله ‪Explicit:</subfield></datafield><datafield tag="500" ind1=" " ind2=" "><subfield code="a">Lugar de escritura: No consta</subfield></datafield><datafield tag="500" ind1=" " ind2=" "><subfield code="a">Copista: No consta</subfield></datafield><datafield tag="500" ind1=" " ind2=" "><subfield code="a">Colofón: No consta</subfield></datafield><datafield tag="500" ind1=" " ind2=" "><subfield code="a">Características especiales: Texto vocalizado</subfield></datafield><datafield tag="500" ind1=" " ind2=" "><subfield code="a">Ilustración: No</subfield></datafield><datafield tag="500" ind1=" " ind2=" "><subfield code="a">Ilustraciones: En escasos casos, se utiliza como elemento de decoración el punto en tinta roja o azul. - Los epígrafes al igual que algunos vocablos aparecen marcados en tinta negra, roja o azul, en un trazo a veces más grande y alargado que el resto de texto. - Además el texto va en marcado en un recuadro con doble línea roja.</subfield></datafield><datafield tag="500" ind1=" " ind2=" "><subfield code="a">Tipo de cuaderno: 20 cuads.: 1 binión y 19 quiniones; más 1 folio suelto.</subfield></datafield><datafield tag="500" ind1=" " ind2=" "><subfield code="a">Deterioros: Encuadernación muy deteriorada, sobre todo por el lomo al que se le ha puesto un tejuelo rojo por el interior para reforzarlo. - Las tapas están sueltas y el cosido de los cuadernos está muy desgastado. - En muchos folios del volumen hay manchas y algunas galerías que no afectan a la legibilidad del texto.</subfield></datafield><datafield tag="500" ind1=" " ind2=" "><subfield code="a">H en blanco: 1 H en blanco: folio 1r.</subfield></datafield><datafield tag="500" ind1=" " ind2=" "><subfield code="a">H dañadas, mutiladas, sueltas: 1 H suelta: folio 191</subfield></datafield><datafield tag="500" ind1=" " ind2=" "><subfield code="a">H faltan o añadidas: No</subfield></datafield><datafield tag="500" ind1=" " ind2=" "><subfield code="a">Foliación: Sin foliación original. Foliación moderna a lápiz hecha por Naima Anahnah (2010)</subfield></datafield><datafield tag="500" ind1=" " ind2=" "><subfield code="a">Reclamos: Reclamos en el margen inferior izquierdo de todos los folios verso.</subfield></datafield><datafield tag="500" ind1=" " ind2=" "><subfield code="a">Sign. cuad.: No</subfield></datafield><datafield tag="500" ind1=" " ind2=" "><subfield code="a">Pautado: Punta seca (casi inapreciable)</subfield></datafield><datafield tag="500" ind1=" " ind2=" "><subfield code="a">Filigrana:Escudo con una banda transversal que atraviesa su interior, rematado en su parte superior por una corona de cinco picos con perlas. Debajo del escudo se leen las letras “F” y “C” en mayúsculas ahuecadas. Figura de un toro con contrafiligranas en las esquinas superior e inferior derechas. En la superior se lee “DB” y en la inferior “NP” ambas en mayúsculas. Figura de un gallo debajo de la cual se leen las letras: “T” en mayúscula ahuecada y la “C” en mayúscula simple. Jinete montado a caballo, con una mano sujeta las riendas y con la otra una lanza. El caballo tiene las dos patas delanteras levantadas. Acompañado unas veces por la contrafiligrana “S” y otras veces aparece sin ninguna contrafiligrana. Figura de un toro debajo la palabra “CAMSA” en mayúsculas. Letras “C”, “L” y “B” en mayúsculas ahuecadas. Contrafiligrana del número ordinario “1” ahuecado. Contrafiligrana “SIII” en mayúscula.</subfield></datafield><datafield tag="563" ind1=" " ind2=" "><subfield code="a">Encuadernación: Cartela en piel marrón oscuro sobre cartón. - Las tapas están decoradas con ruedas de hilos y orla de lacería en los bordes; en el rectángulo central motivo con decoración floral y esquinas con flor, todo ello con la técnica del gofrado en seco. Lomo recto con rueda vertical de flores.</subfield></datafield><datafield tag="541" ind1=" " ind2=" "><subfield code="a">Procedencia: Compra</subfield><subfield code="c">[Familia Granados Montoro]</subfield><subfield code="d">Ingreso: 25 de Julio de 1986</subfield></datafield><datafield tag="500" ind1=" " ind2=" "><subfield code="a">Signatura antigua: Vol. XXXVIII; Caja 3,5</subfield></datafield><datafield tag="500" ind1=" " ind2=" "><subfield code="a">Anotaciones: Casi sin anotaciones marginales. - Sólo alguna corrección del algún vocablo del texto muy esporádica. - En la esquina superior derecha del interior de la tapa posterior, escrito a lápiz, se lee el número 5 que, probablemente, hacía referencia al número de catalogación del volumen antes de su ingreso en la BEEA. - Además, en el mismo margen se leen las dos antiguas signaturas del volumen Caja 3,5 y Vol. XXVIII. - También se leen anotaciones en el interior de la tapa principal, así como el último folio del volumen, de una mano distinta a la del copista.</subfield></datafield><datafield tag="581" ind1=" " ind2=" "><subfield code="a">Descripción: Manuscritos árabes y fondo antiguo de la Escuela de Estudios Árabes, Granada, 2007, 96.</subfield></datafield><datafield tag="530" ind1=" " ind2=" "><subfield code="a">Otros soportes: No</subfield></datafield><datafield tag="581" ind1=" " ind2=" "><subfield code="a">Edición: No</subfield></datafield><datafield tag="510" ind1=" " ind2="4"><subfield code="a">Manuscritos árabes y fondo antiguo de la Escuela de Estudios Árabes</subfield><subfield code="c">p. 96</subfield></datafield><datafield tag="520" ind1="2" ind2=" "><subfield code="a">Contenido: Kitāb al-Šamāʼil</subfield></datafield><datafield tag="650" ind1="0" ind2="7"><subfield code="a">Hadit</subfield><subfield code="v">Manuscritos.</subfield><subfield code="2">CSICAU</subfield></datafield><datafield tag="600" ind1="0" ind2="7"><subfield code="a">Mahoma</subfield><subfield code="d">(m. 632)</subfield><subfield code="v">Devocionarios</subfield><subfield code="v">Manuscritos.</subfield><subfield code="2">CSICAU</subfield></datafield><datafield tag="740" ind1="0" ind2=" "><subfield code="a">Kitāb al-Šamāʼil</subfield></datafield><datafield tag="830" ind1=" " ind2="0"><subfield code="a">Manuscripta</subfield></datafield><datafield tag="856" ind1="4" ind2="1"><subfield code="u">http://aleph.csic.es/imagenes/mad01/0006_PMSC/P_001350003_783517_V00.pdf</subfield><subfield code="z">Descargar Pdf completo (44M)</subfield><subfield code="m">CSIC</subfield></datafield><datafield tag="856" ind1="4" ind2="1"><subfield code="u">http://simurg.bibliotecas.csic.es/viewer/image/CSIC001350003/1/</subfield><subfield code="z">Ver texto completo en SIMURG, el portal de fondos digitalizados del CSIC</subfield><subfield code="m">CSIC</subfield></datafield><datafield tag="856" ind1="4" ind2="1"><subfield code="u">http://aleph.csic.es/imagenes/mad01/0006_PMSC/html/001350003.html</subfield><subfield code="z">Ver texto completo en Bookreader</subfield></datafield></record></metadata></record>